[gd_scene load_steps=50 format=2]

[ext_resource path="res://art/tiles/floor.png" type="Texture" id=1]
[ext_resource path="res://art/tiles/floor_white.png" type="Texture" id=2]
[ext_resource path="res://art/tiles/plating.png" type="Texture" id=3]
[ext_resource path="res://art/tiles/wall/wall0.png" type="Texture" id=4]
[ext_resource path="res://art/tiles/wall/wall1.png" type="Texture" id=5]
[ext_resource path="res://art/tiles/rwall/rwall1.png" type="Texture" id=6]
[ext_resource path="res://art/tiles/wall/wall2.png" type="Texture" id=7]
[ext_resource path="res://art/tiles/rwall/rwall2.png" type="Texture" id=8]
[ext_resource path="res://art/tiles/wall/wall3.png" type="Texture" id=9]
[ext_resource path="res://art/tiles/rwall/rwall3.png" type="Texture" id=10]
[ext_resource path="res://art/tiles/wall/wall4.png" type="Texture" id=11]
[ext_resource path="res://art/tiles/rwall/rwall4.png" type="Texture" id=12]
[ext_resource path="res://art/tiles/wall/wall5.png" type="Texture" id=13]
[ext_resource path="res://art/tiles/rwall/rwall5.png" type="Texture" id=14]
[ext_resource path="res://art/tiles/wall/wall6.png" type="Texture" id=15]
[ext_resource path="res://art/tiles/rwall/rwall6.png" type="Texture" id=16]
[ext_resource path="res://art/tiles/wall/wall7.png" type="Texture" id=17]
[ext_resource path="res://art/tiles/rwall/rwall7.png" type="Texture" id=18]
[ext_resource path="res://art/tiles/wall/wall8.png" type="Texture" id=19]
[ext_resource path="res://art/tiles/rwall/rwall8.png" type="Texture" id=20]
[ext_resource path="res://art/tiles/wall/wall9.png" type="Texture" id=21]
[ext_resource path="res://art/tiles/rwall/rwall9.png" type="Texture" id=22]
[ext_resource path="res://art/tiles/wall/wall10.png" type="Texture" id=23]
[ext_resource path="res://art/tiles/rwall/rwall10.png" type="Texture" id=24]
[ext_resource path="res://art/tiles/wall/wall11.png" type="Texture" id=25]
[ext_resource path="res://art/tiles/rwall/rwall11.png" type="Texture" id=26]
[ext_resource path="res://art/tiles/wall/wall12.png" type="Texture" id=27]
[ext_resource path="res://art/tiles/rwall/rwall12.png" type="Texture" id=28]
[ext_resource path="res://art/tiles/wall/wall13.png" type="Texture" id=29]
[ext_resource path="res://art/tiles/rwall/rwall13.png" type="Texture" id=30]
[ext_resource path="res://art/tiles/wall/wall14.png" type="Texture" id=31]
[ext_resource path="res://art/tiles/rwall/rwall14.png" type="Texture" id=32]
[ext_resource path="res://art/tiles/rwall/rwall.png" type="Texture" id=33]

[sub_resource type="OccluderPolygon2D" id=1]

closed = true
cull_mode = 0
polygon = PoolVector2Array( -8, -9, 8, -9, 8, 9, -8, 9 )

[sub_resource type="OccluderPolygon2D" id=2]

closed = true
cull_mode = 0
polygon = PoolVector2Array( -8, -16, -8, 9, 8, 9, 8, -16 )

[sub_resource type="OccluderPolygon2D" id=3]

closed = true
cull_mode = 0
polygon = PoolVector2Array( -8, -9, 8, -9, 8, 16, -8, 16 )

[sub_resource type="OccluderPolygon2D" id=4]

closed = true
cull_mode = 0
polygon = PoolVector2Array( -8, -16, -8, 16, 8, 16, 8, -16 )

[sub_resource type="OccluderPolygon2D" id=5]

closed = true
cull_mode = 0
polygon = PoolVector2Array( -8, -9, 16, -9, 16, 9, -8, 9 )

[sub_resource type="OccluderPolygon2D" id=6]

closed = true
cull_mode = 0
polygon = PoolVector2Array( -8, -16, -8, 9, 16, 9, 16, -9, 8, -9, 8, -16 )

[sub_resource type="OccluderPolygon2D" id=7]

closed = true
cull_mode = 0
polygon = PoolVector2Array( 16, -9, -8, -9, -8, 16, 8, 16, 8, 9, 16, 9 )

[sub_resource type="OccluderPolygon2D" id=8]

closed = true
cull_mode = 0
polygon = PoolVector2Array( -8, -16, -8, 16, 8, 16, 8, 9, 16, 9, 16, -9, 8, -9, 8, -16 )

[sub_resource type="OccluderPolygon2D" id=9]

closed = true
cull_mode = 0
polygon = PoolVector2Array( -16, -9, 8, -9, 8, 9, -16, 9 )

[sub_resource type="OccluderPolygon2D" id=10]

closed = true
cull_mode = 0
polygon = PoolVector2Array( -16, -9, -8, -9, -8, -16, 8, -16, 8, 9, -16, 9 )

[sub_resource type="OccluderPolygon2D" id=11]

closed = true
cull_mode = 0
polygon = PoolVector2Array( -16, -9, 8, -9, 8, 16, -8, 16, -8, 9, -16, 9 )

[sub_resource type="OccluderPolygon2D" id=12]

closed = true
cull_mode = 0
polygon = PoolVector2Array( -8, -16, -8, -9, -16, -9, -16, 9, -8, 9, -8, 16, 8, 16, 8, -16 )

[sub_resource type="OccluderPolygon2D" id=13]

closed = true
cull_mode = 0
polygon = PoolVector2Array( 16, -9, -16, -9, -16, 9, 16, 9 )

[sub_resource type="OccluderPolygon2D" id=14]

closed = true
cull_mode = 0
polygon = PoolVector2Array( -16, 9, 16, 9, 16, -9, 8, -9, 8, -16, -8, -16, -8, -9, -16, -9 )

[sub_resource type="OccluderPolygon2D" id=15]

closed = true
cull_mode = 0
polygon = PoolVector2Array( -8, 9, -16, 9, -16, -9, 16, -9, 16, 8, 8, 8, 8, 16, -8, 16 )

[sub_resource type="OccluderPolygon2D" id=16]

closed = true
cull_mode = 0
polygon = PoolVector2Array( -8, -9, -8, 9, 8, 9, 8, -9 )

[node name="Node2D" type="Node2D"]

position = Vector2( 32, 32 )
_sections_unfolded = [ "Transform" ]

[node name="Floor" type="Sprite" parent="."]

position = Vector2( -16, -16 )
texture = ExtResource( 1 )
_sections_unfolded = [ "Region", "Transform", "Z" ]

[node name="FloorWhite" type="Sprite" parent="."]

position = Vector2( 16, -16 )
texture = ExtResource( 2 )

[node name="Plating" type="Sprite" parent="."]

position = Vector2( 48, -16 )
texture = ExtResource( 3 )

[node name="Wall" type="Sprite" parent="."]

position = Vector2( 80, -16 )
texture = ExtResource( 4 )

[node name="StaticBody2D" type="StaticBody2D" parent="Wall"]

visible = false
input_pickable = false
collision_layer = 1
collision_mask = 1
constant_linear_velocity = Vector2( 0, 0 )
constant_angular_velocity = 0.0
friction = 1.0
bounce = 0.0

[node name="CollisionPolygon2D" type="CollisionPolygon2D" parent="Wall/StaticBody2D"]

build_mode = 0
polygon = PoolVector2Array( -16, -16, 16, -16, 16, 16, -16, 16 )

[node name="LightOccluder2D2" type="LightOccluder2D" parent="Wall"]

visible = false
occluder = SubResource( 1 )
light_mask = 1
_sections_unfolded = [ "Transform", "Z" ]

[node name="Wall1" type="Sprite" parent="."]

position = Vector2( 144, -16 )
texture = ExtResource( 5 )
_sections_unfolded = [ "Transform" ]

[node name="StaticBody2D" type="StaticBody2D" parent="Wall1"]

visible = false
input_pickable = false
collision_layer = 1
collision_mask = 1
constant_linear_velocity = Vector2( 0, 0 )
constant_angular_velocity = 0.0
friction = 1.0
bounce = 0.0

[node name="CollisionPolygon2D" type="CollisionPolygon2D" parent="Wall1/StaticBody2D"]

build_mode = 0
polygon = PoolVector2Array( -16, -16, 16, -16, 16, 16, -16, 16 )

[node name="LightOccluder2D3" type="LightOccluder2D" parent="Wall1"]

visible = false
occluder = SubResource( 2 )
light_mask = 1
_sections_unfolded = [ "Transform", "Z" ]

[node name="RWall1" type="Sprite" parent="."]

position = Vector2( -16, 16 )
texture = ExtResource( 6 )
_sections_unfolded = [ "Transform" ]

[node name="StaticBody2D" type="StaticBody2D" parent="RWall1"]

visible = false
input_pickable = false
collision_layer = 1
collision_mask = 1
constant_linear_velocity = Vector2( 0, 0 )
constant_angular_velocity = 0.0
friction = 1.0
bounce = 0.0

[node name="CollisionPolygon2D" type="CollisionPolygon2D" parent="RWall1/StaticBody2D"]

build_mode = 0
polygon = PoolVector2Array( -16, -16, 16, -16, 16, 16, -16, 16 )

[node name="LightOccluder2D4" type="LightOccluder2D" parent="RWall1"]

visible = false
occluder = SubResource( 2 )
light_mask = 1
_sections_unfolded = [ "Transform", "Z" ]

[node name="Wall2" type="Sprite" parent="."]

position = Vector2( 560, -16 )
texture = ExtResource( 7 )

[node name="StaticBody2D" type="StaticBody2D" parent="Wall2"]

visible = false
input_pickable = false
collision_layer = 1
collision_mask = 1
constant_linear_velocity = Vector2( 0, 0 )
constant_angular_velocity = 0.0
friction = 1.0
bounce = 0.0

[node name="CollisionPolygon2D" type="CollisionPolygon2D" parent="Wall2/StaticBody2D"]

build_mode = 0
polygon = PoolVector2Array( -16, -16, 16, -16, 16, 16, -16, 16 )
_sections_unfolded = [ "Transform" ]

[node name="LightOccluder2D5" type="LightOccluder2D" parent="Wall2"]

visible = false
occluder = SubResource( 3 )
light_mask = 1
_sections_unfolded = [ "Transform", "Z" ]

[node name="RWall2" type="Sprite" parent="."]

position = Vector2( 400, 16 )
texture = ExtResource( 8 )
_sections_unfolded = [ "Transform" ]

[node name="StaticBody2D" type="StaticBody2D" parent="RWall2"]

visible = false
input_pickable = false
collision_layer = 1
collision_mask = 1
constant_linear_velocity = Vector2( 0, 0 )
constant_angular_velocity = 0.0
friction = 1.0
bounce = 0.0

[node name="CollisionPolygon2D" type="CollisionPolygon2D" parent="RWall2/StaticBody2D"]

build_mode = 0
polygon = PoolVector2Array( -16, -16, 16, -16, 16, 16, -16, 16 )

[node name="LightOccluder2D6" type="LightOccluder2D" parent="RWall2"]

visible = false
occluder = SubResource( 3 )
light_mask = 1
_sections_unfolded = [ "Transform", "Z" ]

[node name="Wall3" type="Sprite" parent="."]

position = Vector2( 528, -16 )
texture = ExtResource( 9 )

[node name="StaticBody2D" type="StaticBody2D" parent="Wall3"]

visible = false
input_pickable = false
collision_layer = 1
collision_mask = 1
constant_linear_velocity = Vector2( 0, 0 )
constant_angular_velocity = 0.0
friction = 1.0
bounce = 0.0

[node name="CollisionPolygon2D" type="CollisionPolygon2D" parent="Wall3/StaticBody2D"]

build_mode = 0
polygon = PoolVector2Array( -16, -16, 16, -16, 16, 16, -16, 16 )

[node name="LightOccluder2D7" type="LightOccluder2D" parent="Wall3"]

visible = false
occluder = SubResource( 4 )
light_mask = 1
_sections_unfolded = [ "Transform", "Z" ]

[node name="RWall3" type="Sprite" parent="."]

position = Vector2( 368, 16 )
texture = ExtResource( 10 )

[node name="StaticBody2D" type="StaticBody2D" parent="RWall3"]

visible = false
input_pickable = false
collision_layer = 1
collision_mask = 1
constant_linear_velocity = Vector2( 0, 0 )
constant_angular_velocity = 0.0
friction = 1.0
bounce = 0.0

[node name="CollisionPolygon2D" type="CollisionPolygon2D" parent="RWall3/StaticBody2D"]

build_mode = 0
polygon = PoolVector2Array( -16, -16, 16, -16, 16, 16, -16, 16 )

[node name="LightOccluder2D" type="LightOccluder2D" parent="RWall3"]

visible = false
occluder = SubResource( 4 )
light_mask = 1
_sections_unfolded = [ "Transform", "Z" ]

[node name="Wall4" type="Sprite" parent="."]

position = Vector2( 496, -16 )
texture = ExtResource( 11 )

[node name="StaticBody2D" type="StaticBody2D" parent="Wall4"]

visible = false
input_pickable = false
collision_layer = 1
collision_mask = 1
constant_linear_velocity = Vector2( 0, 0 )
constant_angular_velocity = 0.0
friction = 1.0
bounce = 0.0

[node name="CollisionPolygon2D" type="CollisionPolygon2D" parent="Wall4/StaticBody2D"]

build_mode = 0
polygon = PoolVector2Array( -16, -16, 16, -16, 16, 16, -16, 16 )

[node name="LightOccluder2D8" type="LightOccluder2D" parent="Wall4"]

visible = false
occluder = SubResource( 5 )
light_mask = 1
_sections_unfolded = [ "Transform", "Z" ]

[node name="RWall4" type="Sprite" parent="."]

position = Vector2( 336, 16 )
texture = ExtResource( 12 )

[node name="StaticBody2D" type="StaticBody2D" parent="RWall4"]

visible = false
input_pickable = false
collision_layer = 1
collision_mask = 1
constant_linear_velocity = Vector2( 0, 0 )
constant_angular_velocity = 0.0
friction = 1.0
bounce = 0.0

[node name="CollisionPolygon2D" type="CollisionPolygon2D" parent="RWall4/StaticBody2D"]

build_mode = 0
polygon = PoolVector2Array( -16, -16, 16, -16, 16, 16, -16, 16 )

[node name="LightOccluder2D24" type="LightOccluder2D" parent="RWall4"]

visible = false
occluder = SubResource( 5 )
light_mask = 1
_sections_unfolded = [ "Transform", "Z" ]

[node name="Wall5" type="Sprite" parent="."]

position = Vector2( 464, -16 )
texture = ExtResource( 13 )

[node name="StaticBody2D" type="StaticBody2D" parent="Wall5"]

visible = false
input_pickable = false
collision_layer = 1
collision_mask = 1
constant_linear_velocity = Vector2( 0, 0 )
constant_angular_velocity = 0.0
friction = 1.0
bounce = 0.0

[node name="CollisionPolygon2D" type="CollisionPolygon2D" parent="Wall5/StaticBody2D"]

build_mode = 0
polygon = PoolVector2Array( -16, -16, 16, -16, 16, 16, -16, 16 )

[node name="LightOccluder2D23" type="LightOccluder2D" parent="Wall5"]

visible = false
occluder = SubResource( 6 )
light_mask = 1
_sections_unfolded = [ "Z" ]

[node name="RWall5" type="Sprite" parent="."]

position = Vector2( 304, 16 )
texture = ExtResource( 14 )

[node name="StaticBody2D" type="StaticBody2D" parent="RWall5"]

visible = false
input_pickable = false
collision_layer = 1
collision_mask = 1
constant_linear_velocity = Vector2( 0, 0 )
constant_angular_velocity = 0.0
friction = 1.0
bounce = 0.0

[node name="CollisionPolygon2D" type="CollisionPolygon2D" parent="RWall5/StaticBody2D"]

build_mode = 0
polygon = PoolVector2Array( -16, -16, 16, -16, 16, 16, -16, 16 )

[node name="LightOccluder2D22" type="LightOccluder2D" parent="RWall5"]

visible = false
occluder = SubResource( 6 )
light_mask = 1
_sections_unfolded = [ "Z" ]

[node name="Wall6" type="Sprite" parent="."]

position = Vector2( 432, -16 )
texture = ExtResource( 15 )

[node name="StaticBody2D" type="StaticBody2D" parent="Wall6"]

visible = false
input_pickable = false
collision_layer = 1
collision_mask = 1
constant_linear_velocity = Vector2( 0, 0 )
constant_angular_velocity = 0.0
friction = 1.0
bounce = 0.0

[node name="CollisionPolygon2D" type="CollisionPolygon2D" parent="Wall6/StaticBody2D"]

build_mode = 0
polygon = PoolVector2Array( -16, -16, 16, -16, 16, 16, -16, 16 )

[node name="LightOccluder2D21" type="LightOccluder2D" parent="Wall6"]

visible = false
occluder = SubResource( 7 )
light_mask = 1
_sections_unfolded = [ "Z" ]

[node name="RWall6" type="Sprite" parent="."]

position = Vector2( 272, 16 )
texture = ExtResource( 16 )

[node name="StaticBody2D" type="StaticBody2D" parent="RWall6"]

visible = false
input_pickable = false
collision_layer = 1
collision_mask = 1
constant_linear_velocity = Vector2( 0, 0 )
constant_angular_velocity = 0.0
friction = 1.0
bounce = 0.0

[node name="CollisionPolygon2D" type="CollisionPolygon2D" parent="RWall6/StaticBody2D"]

build_mode = 0
polygon = PoolVector2Array( -16, -16, 16, -16, 16, 16, -16, 16 )

[node name="LightOccluder2D20" type="LightOccluder2D" parent="RWall6"]

visible = false
occluder = SubResource( 7 )
light_mask = 1
_sections_unfolded = [ "Z" ]

[node name="Wall7" type="Sprite" parent="."]

position = Vector2( 400, -16 )
texture = ExtResource( 17 )

[node name="StaticBody2D" type="StaticBody2D" parent="Wall7"]

visible = false
input_pickable = false
collision_layer = 1
collision_mask = 1
constant_linear_velocity = Vector2( 0, 0 )
constant_angular_velocity = 0.0
friction = 1.0
bounce = 0.0

[node name="CollisionPolygon2D" type="CollisionPolygon2D" parent="Wall7/StaticBody2D"]

build_mode = 0
polygon = PoolVector2Array( -16, -16, 16, -16, 16, 16, -16, 16 )

[node name="LightOccluder2D19" type="LightOccluder2D" parent="Wall7"]

visible = false
occluder = SubResource( 8 )
light_mask = 1
_sections_unfolded = [ "Z" ]

[node name="RWall7" type="Sprite" parent="."]

position = Vector2( 240, 16 )
texture = ExtResource( 18 )

[node name="StaticBody2D" type="StaticBody2D" parent="RWall7"]

visible = false
input_pickable = false
collision_layer = 1
collision_mask = 1
constant_linear_velocity = Vector2( 0, 0 )
constant_angular_velocity = 0.0
friction = 1.0
bounce = 0.0

[node name="CollisionPolygon2D" type="CollisionPolygon2D" parent="RWall7/StaticBody2D"]

build_mode = 0
polygon = PoolVector2Array( -16, -16, 16, -16, 16, 16, -16, 16 )

[node name="LightOccluder2D18" type="LightOccluder2D" parent="RWall7"]

visible = false
occluder = SubResource( 8 )
light_mask = 1
_sections_unfolded = [ "Z" ]

[node name="Wall8" type="Sprite" parent="."]

position = Vector2( 368, -16 )
texture = ExtResource( 19 )

[node name="StaticBody2D" type="StaticBody2D" parent="Wall8"]

visible = false
input_pickable = false
collision_layer = 1
collision_mask = 1
constant_linear_velocity = Vector2( 0, 0 )
constant_angular_velocity = 0.0
friction = 1.0
bounce = 0.0

[node name="CollisionPolygon2D" type="CollisionPolygon2D" parent="Wall8/StaticBody2D"]

build_mode = 0
polygon = PoolVector2Array( -16, -16, 16, -16, 16, 16, -16, 16 )

[node name="LightOccluder2D17" type="LightOccluder2D" parent="Wall8"]

visible = false
occluder = SubResource( 9 )
light_mask = 1
_sections_unfolded = [ "Z" ]

[node name="RWall8" type="Sprite" parent="."]

position = Vector2( 208, 16 )
texture = ExtResource( 20 )

[node name="StaticBody2D" type="StaticBody2D" parent="RWall8"]

visible = false
input_pickable = false
collision_layer = 1
collision_mask = 1
constant_linear_velocity = Vector2( 0, 0 )
constant_angular_velocity = 0.0
friction = 1.0
bounce = 0.0

[node name="CollisionPolygon2D" type="CollisionPolygon2D" parent="RWall8/StaticBody2D"]

build_mode = 0
polygon = PoolVector2Array( -16, -16, 16, -16, 16, 16, -16, 16 )

[node name="LightOccluder2D16" type="LightOccluder2D" parent="RWall8"]

visible = false
occluder = SubResource( 9 )
light_mask = 1
_sections_unfolded = [ "Z" ]

[node name="Wall9" type="Sprite" parent="."]

position = Vector2( 336, -16 )
texture = ExtResource( 21 )

[node name="StaticBody2D" type="StaticBody2D" parent="Wall9"]

visible = false
input_pickable = false
collision_layer = 1
collision_mask = 1
constant_linear_velocity = Vector2( 0, 0 )
constant_angular_velocity = 0.0
friction = 1.0
bounce = 0.0

[node name="CollisionPolygon2D" type="CollisionPolygon2D" parent="Wall9/StaticBody2D"]

build_mode = 0
polygon = PoolVector2Array( -16, -16, 16, -16, 16, 16, -16, 16 )

[node name="LightOccluder2D15" type="LightOccluder2D" parent="Wall9"]

visible = false
occluder = SubResource( 10 )
light_mask = 1
_sections_unfolded = [ "Z" ]

[node name="RWall9" type="Sprite" parent="."]

position = Vector2( 176, 16 )
texture = ExtResource( 22 )

[node name="StaticBody2D" type="StaticBody2D" parent="RWall9"]

visible = false
input_pickable = false
collision_layer = 1
collision_mask = 1
constant_linear_velocity = Vector2( 0, 0 )
constant_angular_velocity = 0.0
friction = 1.0
bounce = 0.0

[node name="CollisionPolygon2D" type="CollisionPolygon2D" parent="RWall9/StaticBody2D"]

build_mode = 0
polygon = PoolVector2Array( -16, -16, 16, -16, 16, 16, -16, 16 )

[node name="LightOccluder2D14" type="LightOccluder2D" parent="RWall9"]

visible = false
occluder = SubResource( 10 )
light_mask = 1
_sections_unfolded = [ "Z" ]

[node name="Wall10" type="Sprite" parent="."]

position = Vector2( 304, -16 )
texture = ExtResource( 23 )

[node name="StaticBody2D" type="StaticBody2D" parent="Wall10"]

visible = false
input_pickable = false
collision_layer = 1
collision_mask = 1
constant_linear_velocity = Vector2( 0, 0 )
constant_angular_velocity = 0.0
friction = 1.0
bounce = 0.0

[node name="CollisionPolygon2D" type="CollisionPolygon2D" parent="Wall10/StaticBody2D"]

build_mode = 0
polygon = PoolVector2Array( -16, -16, 16, -16, 16, 16, -16, 16 )

[node name="LightOccluder2D13" type="LightOccluder2D" parent="Wall10"]

visible = false
occluder = SubResource( 11 )
light_mask = 1
_sections_unfolded = [ "Z" ]

[node name="RWall10" type="Sprite" parent="."]

position = Vector2( 144, 16 )
texture = ExtResource( 24 )

[node name="StaticBody2D" type="StaticBody2D" parent="RWall10"]

visible = false
input_pickable = false
collision_layer = 1
collision_mask = 1
constant_linear_velocity = Vector2( 0, 0 )
constant_angular_velocity = 0.0
friction = 1.0
bounce = 0.0

[node name="CollisionPolygon2D" type="CollisionPolygon2D" parent="RWall10/StaticBody2D"]

build_mode = 0
polygon = PoolVector2Array( -16, -16, 16, -16, 16, 16, -16, 16 )

[node name="LightOccluder2D12" type="LightOccluder2D" parent="RWall10"]

visible = false
occluder = SubResource( 11 )
light_mask = 1
_sections_unfolded = [ "Z" ]

[node name="Wall11" type="Sprite" parent="."]

position = Vector2( 272, -16 )
texture = ExtResource( 25 )

[node name="StaticBody2D" type="StaticBody2D" parent="Wall11"]

visible = false
input_pickable = false
collision_layer = 1
collision_mask = 1
constant_linear_velocity = Vector2( 0, 0 )
constant_angular_velocity = 0.0
friction = 1.0
bounce = 0.0

[node name="CollisionPolygon2D" type="CollisionPolygon2D" parent="Wall11/StaticBody2D"]

build_mode = 0
polygon = PoolVector2Array( -16, -16, 16, -16, 16, 16, -16, 16 )

[node name="LightOccluder2D11" type="LightOccluder2D" parent="Wall11"]

visible = false
occluder = SubResource( 12 )
light_mask = 1
_sections_unfolded = [ "Z" ]

[node name="RWall11" type="Sprite" parent="."]

position = Vector2( 112, 16 )
texture = ExtResource( 26 )

[node name="StaticBody2D" type="StaticBody2D" parent="RWall11"]

visible = false
input_pickable = false
collision_layer = 1
collision_mask = 1
constant_linear_velocity = Vector2( 0, 0 )
constant_angular_velocity = 0.0
friction = 1.0
bounce = 0.0

[node name="CollisionPolygon2D" type="CollisionPolygon2D" parent="RWall11/StaticBody2D"]

build_mode = 0
polygon = PoolVector2Array( -16, -16, 16, -16, 16, 16, -16, 16 )

[node name="LightOccluder2D10" type="LightOccluder2D" parent="RWall11"]

visible = false
occluder = SubResource( 12 )
light_mask = 1
_sections_unfolded = [ "Transform", "Z" ]

[node name="Wall12" type="Sprite" parent="."]

position = Vector2( 240, -16 )
texture = ExtResource( 27 )

[node name="StaticBody2D" type="StaticBody2D" parent="Wall12"]

visible = false
input_pickable = false
collision_layer = 1
collision_mask = 1
constant_linear_velocity = Vector2( 0, 0 )
constant_angular_velocity = 0.0
friction = 1.0
bounce = 0.0

[node name="CollisionPolygon2D" type="CollisionPolygon2D" parent="Wall12/StaticBody2D"]

build_mode = 0
polygon = PoolVector2Array( -16, -16, 16, -16, 16, 16, -16, 16 )

[node name="LightOccluder2D16" type="LightOccluder2D" parent="Wall12"]

visible = false
occluder = SubResource( 13 )
light_mask = 1
_sections_unfolded = [ "Z" ]

[node name="RWall12" type="Sprite" parent="."]

position = Vector2( 80, 16 )
texture = ExtResource( 28 )

[node name="StaticBody2D" type="StaticBody2D" parent="RWall12"]

visible = false
input_pickable = false
collision_layer = 1
collision_mask = 1
constant_linear_velocity = Vector2( 0, 0 )
constant_angular_velocity = 0.0
friction = 1.0
bounce = 0.0

[node name="CollisionPolygon2D" type="CollisionPolygon2D" parent="RWall12/StaticBody2D"]

build_mode = 0
polygon = PoolVector2Array( -16, -16, 16, -16, 16, 16, -16, 16 )

[node name="LightOccluder2D10" type="LightOccluder2D" parent="RWall12"]

visible = false
occluder = SubResource( 13 )
light_mask = 1
_sections_unfolded = [ "Z" ]

[node name="Wall13" type="Sprite" parent="."]

position = Vector2( 208, -16 )
texture = ExtResource( 29 )

[node name="StaticBody2D" type="StaticBody2D" parent="Wall13"]

visible = false
input_pickable = false
collision_layer = 1
collision_mask = 1
constant_linear_velocity = Vector2( 0, 0 )
constant_angular_velocity = 0.0
friction = 1.0
bounce = 0.0

[node name="CollisionPolygon2D" type="CollisionPolygon2D" parent="Wall13/StaticBody2D"]

build_mode = 0
polygon = PoolVector2Array( -16, -16, 16, -16, 16, 16, -16, 16 )

[node name="LightOccluder2D11" type="LightOccluder2D" parent="Wall13"]

visible = false
occluder = SubResource( 14 )
light_mask = 1
_sections_unfolded = [ "Z" ]

[node name="RWall13" type="Sprite" parent="."]

position = Vector2( 48, 16 )
texture = ExtResource( 30 )

[node name="StaticBody2D" type="StaticBody2D" parent="RWall13"]

visible = false
input_pickable = false
collision_layer = 1
collision_mask = 1
constant_linear_velocity = Vector2( 0, 0 )
constant_angular_velocity = 0.0
friction = 1.0
bounce = 0.0

[node name="CollisionPolygon2D" type="CollisionPolygon2D" parent="RWall13/StaticBody2D"]

build_mode = 0
polygon = PoolVector2Array( -16, -16, 16, -16, 16, 16, -16, 16 )

[node name="LightOccluder2D12" type="LightOccluder2D" parent="RWall13"]

visible = false
occluder = SubResource( 14 )
light_mask = 1
_sections_unfolded = [ "Z" ]

[node name="Wall14" type="Sprite" parent="."]

position = Vector2( 176, -16 )
texture = ExtResource( 31 )

[node name="StaticBody2D" type="StaticBody2D" parent="Wall14"]

visible = false
input_pickable = false
collision_layer = 1
collision_mask = 1
constant_linear_velocity = Vector2( 0, 0 )
constant_angular_velocity = 0.0
friction = 1.0
bounce = 0.0

[node name="CollisionPolygon2D" type="CollisionPolygon2D" parent="Wall14/StaticBody2D"]

build_mode = 0
polygon = PoolVector2Array( -16, -16, 16, -16, 16, 16, -16, 16 )

[node name="LightOccluder2D13" type="LightOccluder2D" parent="Wall14"]

visible = false
occluder = SubResource( 15 )
light_mask = 1
_sections_unfolded = [ "Z" ]

[node name="RWall14" type="Sprite" parent="."]

position = Vector2( 16, 16 )
texture = ExtResource( 32 )

[node name="StaticBody2D" type="StaticBody2D" parent="RWall14"]

visible = false
input_pickable = false
collision_layer = 1
collision_mask = 1
constant_linear_velocity = Vector2( 0, 0 )
constant_angular_velocity = 0.0
friction = 1.0
bounce = 0.0

[node name="CollisionPolygon2D" type="CollisionPolygon2D" parent="RWall14/StaticBody2D"]

build_mode = 0
polygon = PoolVector2Array( -16, -16, 16, -16, 16, 16, -16, 16 )

[node name="LightOccluder2D14" type="LightOccluder2D" parent="RWall14"]

visible = false
occluder = SubResource( 15 )
light_mask = 1
_sections_unfolded = [ "Z" ]

[node name="RWall" type="Sprite" parent="."]

position = Vector2( 112, -16 )
texture = ExtResource( 33 )

[node name="StaticBody2D" type="StaticBody2D" parent="RWall"]

visible = false
input_pickable = false
collision_layer = 1
collision_mask = 1
constant_linear_velocity = Vector2( 0, 0 )
constant_angular_velocity = 0.0
friction = 1.0
bounce = 0.0

[node name="CollisionPolygon2D" type="CollisionPolygon2D" parent="RWall/StaticBody2D"]

build_mode = 0
polygon = PoolVector2Array( -16, -16, 16, -16, 16, 16, -16, 16 )

[node name="LightOccluder2D15" type="LightOccluder2D" parent="RWall"]

visible = false
occluder = SubResource( 16 )
light_mask = 1
_sections_unfolded = [ "Z" ]


